@article{LalR09,
  author    = {Akash Lal and
               Thomas W. Reps},
  title     = {Reducing concurrent analysis under a context bound to sequential analysis},
  journal   = {Formal Methods in System Design},
  volume    = {35},
  number    = {1},
  pages     = {73--97},
  year      = {2009},
  url       = {http://dx.doi.org/10.1007/s10703-009-0078-9},
  doi       = {10.1007/s10703-009-0078-9},
  timestamp = {Wed, 16 Dec 2009 15:08:03 +0100},
  biburl    = {http://dblp.uni-trier.de/rec/bib/journals/fmsd/LalR09},
  bibsource = {dblp computer science bibliography, http://dblp.org}
}
