@book{NielsonHC99,
  author    = {Flemming Nielson and
               Hanne Riis Nielson and
               Chris Hankin},
  title     = {Principles of Program Analysis},
  address   = {Secaucus, NJ, USA},
  publisher = {Springer-Verlag},
  year      = {1999},
}

