@comment{
electronic{
  title        = {},
  year         = {},
  organization = {},
  url          = {},
}
}

@electronic{redlog,
  title        = {Redlog},
  year         = {2015},
  organization = {},
  url          = {http://www.redlog.eu/},
}

@electronic{coverity,
  title        = {Coverity},
  year         = {2015},
  organization = {Coverity, Inc.},
  url          = {http://www.coverity.com/},
}

@electronic{polyspace,
  title        = {Polyspace},
  year         = {2015},
  organization = {The MathWorks, Inc.},
  url          = {http://www.mathworks.com/products/polyspace/},
}

@electronic{cil,
  title        = {C {I}ntermediate {L}anguage},
  year         = {2015},
  organization = {},
  url          = {http://kerneis.github.io/cil/},
}
