@comment{
proceedings{
  title     = {Conference Full Name},
  series    = {},
  volume    = {},
  year      = {YYYY},
  address   = {Conference Venue},
}

}

@proceedings{tacas2014,
  title     = {Proceedings of the 20th International Conference on Tools and
               Algorithms for the Construction and Analysis of Systems
               ({TACAS}'14)},
  series    = {Lecture Notes in Computer Science},
  volume    = {8413},
  year      = {2014},
  address   = {Grenoble, France},
}

@proceedings{tacas2015,
  title     = {Proceedings of the 21st International Conference Tools and
               Algorithms for the Construction and Analysis of Systems
               ({TACAS}'15)},
  series    = {Lecture Notes in Computer Science},
  volume    = {9035},
  year      = {2015},
  address   = {London, UK},
}

