@article{King76,
  author    = {James C. King},
  title     = {Symbolic Execution and Program Testing},
  journal   = {Commun. {ACM}},
  volume    = {19},
  number    = {7},
  pages     = {385--394},
  year      = {1976},
  url       = {http://doi.acm.org/10.1145/360248.360252},
  doi       = {10.1145/360248.360252},
  timestamp = {Tue, 07 Jun 2011 16:51:04 +0200},
  biburl    = {http://dblp.uni-trier.de/rec/bib/journals/cacm/King76},
  bibsource = {dblp computer science bibliography, http://dblp.org}
}