@article{Lynch2003105,
    title = "Hybrid {I/O} automata ",
    journal = "Information and Computation",
    volume = "185",
    number = "1",
    pages = "105 - 157",
    year = "2003",
    note = "",
    issn = "0890-5401",
    doi = "http://dx.doi.org/10.1016/S0890-5401(03)00067-1",
    url = "http://www.sciencedirect.com/science/article/pii/S0890540103000671",
    author = "Nancy Lynch and Roberto Segala and Frits Vaandrager"
}
