@inproceedings{LalR08,
  author    = {Akash Lal and
               Thomas W. Reps},
  title     = {Reducing Concurrent Analysis Under a Context Bound to Sequential Analysis},
  booktitle = {Computer Aided Verification, 20th International Conference, {CAV}
               2008, Princeton, NJ, USA, July 7-14, 2008, Proceedings},
  pages     = {37--51},
  year      = {2008},
  url       = {http://dx.doi.org/10.1007/978-3-540-70545-1_7},
  doi       = {10.1007/978-3-540-70545-1_7},
  timestamp = {Tue, 08 Jul 2008 14:46:07 +0200},
  biburl    = {http://dblp.uni-trier.de/rec/bib/conf/cav/LalR08},
  bibsource = {dblp computer science bibliography, http://dblp.org}
}

@inproceedings{ClarkeJS05,
  author    = {Edmund M. Clarke and
               Himanshu Jain and
               Nishant Sinha},
  title     = {Grand Challenge: Model Check Software},
  booktitle = {Verification of Infinite-State Systems with Applications to Security,
               Proceedings of the {NATO} Advanced Research Workshop "Verification
               of Infinite State Systems with Applications to Security {VISSAS} 2005",
               Timisoara, Romania, March 17-22, 2005},
  pages     = {55--68},
  year      = {2005},
  timestamp = {Thu, 07 Sep 2006 10:46:10 +0200},
  biburl    = {http://dblp.uni-trier.de/rec/bib/conf/vissas/ClarkeJS05},
  bibsource = {dblp computer science bibliography, http://dblp.org}
}

@inproceedings{BeyerK11,
  title={{CPA}checker: A tool for configurable software verification},
  author={Beyer, Dirk and Keremoglu, M Erkan},
  booktitle={Computer Aided Verification},
  pages={184--190},
  year={2011},
  organization={Springer}
}
@inproceedings{beyer2011cpachecker,
  author    = {Dirk Beyer and
               M. Erkan Keremoglu},
  title     = {{CPA}checker: {A} Tool for Configurable Software Verification},
  booktitle = {Computer Aided Verification - 23rd International Conference, {CAV}
               2011, Snowbird, UT, USA, July 14-20, 2011. Proceedings},
  pages     = {184--190},
  year      = {2011},
  url       = {http://dx.doi.org/10.1007/978-3-642-22110-1_16},
  doi       = {10.1007/978-3-642-22110-1_16},
  timestamp = {Thu, 11 Dec 2014 17:22:43 +0100},
  biburl    = {http://dblp.uni-trier.de/rec/bib/conf/cav/BeyerK11},
  bibsource = {dblp computer science bibliography, http://dblp.org}
}

@inproceedings{ErmisNDHP14,
  author    = {Evren Ermis and
               Alexander Nutz and
               Daniel Dietsch and
               Jochen Hoenicke and
               Andreas Podelski},
  title     = {Ultimate Kojak - (Competition Contribution)},
  booktitle = {Tools and Algorithms for the Construction and Analysis of Systems
               - 20th International Conference, {TACAS} 2014, Held as Part of the
               European Joint Conferences on Theory and Practice of Software, {ETAPS}
               2014, Grenoble, France, April 5-13, 2014. Proceedings},
  pages     = {421--423},
  year      = {2014},
  url       = {http://dx.doi.org/10.1007/978-3-642-54862-8_36},
  doi       = {10.1007/978-3-642-54862-8_36},
  timestamp = {Sun, 23 Mar 2014 11:19:21 +0100},
  biburl    = {http://dblp.uni-trier.de/rec/bib/conf/tacas/ErmisNDHP14},
  bibsource = {dblp computer science bibliography, http://dblp.org}
}
