@proceedings{DBLP:conf/vissas/2005,
  editor    = {Edmund M. Clarke and
               Marius Minea and
               Ferucio Laurentiu Tiplea},
  title     = {Verification of Infinite-State Systems with Applications to Security,
               Proceedings of the {NATO} Advanced Research Workshop "Verification
               of Infinite State Systems with Applications to Security {VISSAS} 2005",
               Timisoara, Romania, March 17-22, 2005},
  series    = {{NATO} Security through Science Series {D:} Information and Communication
               Security},
  volume    = {1},
  publisher = {{IOS} Press},
  year      = {2006},
  isbn      = {1-58603-570-3},
  timestamp = {Thu, 07 Sep 2006 10:46:10 +0200},
  biburl    = {http://dblp.uni-trier.de/rec/bib/conf/vissas/2005},
  bibsource = {dblp computer science bibliography, http://dblp.org}
}

proceedings{DBLP:conf/cav/2008,
  editor    = {Aarti Gupta and
               Sharad Malik},
  title     = {Computer Aided Verification, 20th International Conference, {CAV}
               2008, Princeton, NJ, USA, July 7-14, 2008, Proceedings},
  series    = {Lecture Notes in Computer Science},
  volume    = {5123},
  publisher = {Springer},
  year      = {2008},
  isbn      = {978-3-540-70543-7},
  timestamp = {Tue, 08 Jul 2008 14:44:51 +0200},
  biburl    = {http://dblp.uni-trier.de/rec/bib/conf/cav/2008},
  bibsource = {dblp computer science bibliography, http://dblp.org}
}

@proceedings{DBLP:conf/cav/2011,
  editor    = {Ganesh Gopalakrishnan and
               Shaz Qadeer},
  title     = {Computer Aided Verification - 23rd International Conference, {CAV}
               2011, Snowbird, UT, USA, July 14-20, 2011. Proceedings},
  series    = {Lecture Notes in Computer Science},
  volume    = {6806},
  publisher = {Springer},
  year      = {2011},
  url       = {http://dx.doi.org/10.1007/978-3-642-22110-1},
  doi       = {10.1007/978-3-642-22110-1},
  isbn      = {978-3-642-22109-5},
  timestamp = {Mon, 11 Jul 2011 13:20:54 +0200},
  biburl    = {http://dblp.uni-trier.de/rec/bib/conf/cav/2011},
  bibsource = {dblp computer science bibliography, http://dblp.org}
}

@proceedings{DBLP:conf/tacas/2014,
  editor    = {Erika {\'{A}}brah{\'{a}}m and
               Klaus Havelund},
  title     = {Tools and Algorithms for the Construction and Analysis of Systems
               - 20th International Conference, {TACAS} 2014, Held as Part of the
               European Joint Conferences on Theory and Practice of Software, {ETAPS}
               2014, Grenoble, France, April 5-13, 2014. Proceedings},
  series    = {Lecture Notes in Computer Science},
  volume    = {8413},
  publisher = {Springer},
  year      = {2014},
  url       = {http://dx.doi.org/10.1007/978-3-642-54862-8},
  doi       = {10.1007/978-3-642-54862-8},
  isbn      = {978-3-642-54861-1},
  timestamp = {Sun, 23 Mar 2014 11:12:27 +0100},
  biburl    = {http://dblp.uni-trier.de/rec/bib/conf/tacas/2014},
  bibsource = {dblp computer science bibliography, http://dblp.org}
}

@misc{svcomp14,
key = {Competition on Software Verification},
title = {Competition on Software Verification},
howpublished={\url{http://sv-comp.sosy-lab.org/2014}}
}

@misc{redlog,
key = {Redlog},
title = {Redlog},
howpublished={\url{http://www.redlog.eu/}}
}

@misc{coverity,
key = {Coverity},
title = {Coverity},
howpublished={\url{http://www.coverity.com/}}
}

@misc{polyspace,
key = {Polyspace},
title = {Polyspace},
howpublished={\url{http://www.mathworks.com/products/polyspace/}}
}

@inproceedings{BallR01,
  author    = {Thomas Ball and
               Sriram K. Rajamani},
  title     = {The {SLAM} Toolkit},
  booktitle = {CAV},
  year      = {2001},
  pages     = {260-264},
  ee        = {http://dx.doi.org/10.1007/3-540-44585-4_25},
  bibsource = {DBLP, http://dblp.uni-trier.de}
}

@inproceedings{AlbarghouthiGC12,
  author    = {Aws Albarghouthi and
               Arie Gurfinkel and
               Marsha Chechik},
  title     = {Whale: An Interpolation-Based Algorithm for Inter-procedural
               Verification},
  booktitle = {VMCAI},
  year      = {2012},
  pages     = {39-55},
  ee        = {http://dx.doi.org/10.1007/978-3-642-27940-9_4},
  bibsource = {DBLP, http://dblp.uni-trier.de}
}

@inproceedings{HeizmannCDEHLNSP13,
  author    = {Matthias Heizmann and
               J{\"u}rgen Christ and
               Daniel Dietsch and
               Evren Ermis and
               Jochen Hoenicke and
               Markus Lindenmann and
               Alexander Nutz and
               Christian Schilling and
               Andreas Podelski},
  title     = {{U}ltimate {A}utomizer with {SMTI}nterpol - (Competition Contribution)},
  booktitle = {TACAS},
  year      = {2013},
  pages     = {641-643},
  ee        = {http://dx.doi.org/10.1007/978-3-642-36742-7_53},
  bibsource = {DBLP, http://dblp.uni-trier.de}
}

@article{BeyerHJM07,
  author    = {Dirk Beyer and
               Thomas A. Henzinger and
               Ranjit Jhala and
               Rupak Majumdar},
  title     = {The software model checker {B}last},
  journal   = {STTT},
  volume    = {9},
  number    = {5-6},
  year      = {2007},
  pages     = {505-525},
  ee        = {http://dx.doi.org/10.1007/s10009-007-0044-z},
  bibsource = {DBLP, http://dblp.uni-trier.de}
}

@article{MannaP70,
  author    = {Zohar Manna and
               Amir Pnueli},
  title     = {Formalization of Properties of Functional Programs},
  journal   = {J. ACM},
  volume    = {17},
  number    = {3},
  year      = {1970},
  pages     = {555-569},
  ee        = {http://doi.acm.org/10.1145/321592.321606},
  bibsource = {DBLP, http://dblp.uni-trier.de}
}

@inproceedings{RepsHS95,
  author    = {Thomas W. Reps and
               Susan Horwitz and
               Shmuel Sagiv},
  title     = {Precise Interprocedural Dataflow Analysis via Graph Reachability},
  booktitle = {POPL},
  year      = {1995},
  pages     = {49-61},
  ee        = {http://doi.acm.org/10.1145/199448.199462},
  bibsource = {DBLP, http://dblp.uni-trier.de}
}

@inproceedings{AlbarghouthiLGC12,
  author    = {Aws Albarghouthi and
               Yi Li and
               Arie Gurfinkel and
               Marsha Chechik},
  title     = {\textsc{Ufo}: A Framework for Abstraction- and Interpolation-Based
               Software Verification},
  booktitle = {CAV},
  year      = {2012},
  pages     = {672-678},
  ee        = {http://dx.doi.org/10.1007/978-3-642-31424-7_48},
  bibsource = {DBLP, http://dblp.uni-trier.de}
}

@inproceedings{ClarkeKL04,
  author    = {Edmund M. Clarke and
               Daniel Kroening and
               Flavio Lerda},
  title     = {A Tool for Checking {ANSI-C} Programs},
  booktitle = {TACAS},
  year      = {2004},
  pages     = {168-176},
  ee        = {http://dx.doi.org/10.1007/978-3-540-24730-2_15},
  hidecrossref  = {DBLP:conf/tacas/2004},
  bibsource = {DBLP, http://dblp.uni-trier.de}
}

@inproceedings{CousotCFMMMR05,
  author    = {Patrick Cousot and
               Radhia Cousot and
               J{\'e}r{\^o}me Feret and
               Laurent Mauborgne and
               Antoine Min{\'e} and
               David Monniaux and
               Xavier Rival},
  title     = {The {ASTRE{\'E}} Analyzer},
  booktitle = {ESOP},
  year      = {2005},
  pages     = {21-30},
  ee        = {http://dx.doi.org/10.1007/978-3-540-31987-0_3},
  bibsource = {DBLP, http://dblp.uni-trier.de}
}

@inproceedings{CuoqKKPSY12,
  author    = {Pascal Cuoq and
               Florent Kirchner and
               Nikolai Kosmatov and
               Virgile Prevosto and
               Julien Signoles and
               Boris Yakobowski},
  title     = {{Frama-C} - A Software Analysis Perspective},
  booktitle = {SEFM},
  year      = {2012},
  pages     = {233-247},
  ee        = {http://dx.doi.org/10.1007/978-3-642-33826-7_16},
  bibsource = {DBLP, http://dblp.uni-trier.de}
}

@proceedings{DBLP:conf/tacas/2004,
  editor    = {Kurt Jensen and
               Andreas Podelski},
  title     = {Tools and Algorithms for the Construction and Analysis of
               Systems, 10th International Conference, TACAS 2004, Held
               as Part of the Joint European Conferences on Theory and
               Practice of Software, ETAPS 2004, Barcelona, Spain, March
               29 - April 2, 2004, Proceedings},
  booktitle = {TACAS},
  publisher = {Springer},
  series    = {Lecture Notes in Computer Science},
  volume    = {2988},
  year      = {2004},
  isbn      = {3-540-21299-X},
  bibsource = {DBLP, http://dblp.uni-trier.de}
}

@inproceedings{BallR00,
  author    = {Thomas Ball and
               Sriram K. Rajamani},
  title     = {Bebop: A Symbolic Model Checker for Boolean Programs},
  booktitle = {SPIN},
  year      = {2000},
  pages     = {113-130},
  ee        = {http://dx.doi.org/10.1007/10722468_7},
  hidecrossref  = {DBLP:conf/spin/2000},
  bibsource = {DBLP, http://dblp.uni-trier.de}
}
@proceedings{DBLP:conf/spin/2000,
  editor    = {Klaus Havelund and
               John Penix and
               Willem Visser},
  title     = {SPIN Model Checking and Software Verification, 7th International
               SPIN Workshop, Stanford, CA, USA, August 30 - September
               1, 2000, Proceedings},
  booktitle = {SPIN},
  publisher = {Springer},
  series    = {Lecture Notes in Computer Science},
  volume    = {1885},
  year      = {2000},
  isbn      = {3-540-41030-9},
  bibsource = {DBLP, http://dblp.uni-trier.de}
}
@inproceedings{Oheimb99,
  author    = {David von Oheimb},
  title     = {Hoare Logic for Mutual Recursion and Local Variables},
  booktitle = {FSTTCS},
  year      = {1999},
  pages     = {168-180},
  ee        = {http://dx.doi.org/10.1007/3-540-46691-6_13},
  hidecrossref  = {DBLP:conf/fsttcs/1999},
  bibsource = {DBLP, http://dblp.uni-trier.de}
}
@proceedings{DBLP:conf/fsttcs/1999,
  editor    = {C. Pandu Rangan and
               Venkatesh Raman and
               Ramaswamy Ramanujam},
  title     = {Foundations of Software Technology and Theoretical Computer
               Science, 19th Conference, Chennai, India, December 13-15,
               1999, Proceedings},
  booktitle = {FSTTCS},
  publisher = {Springer},
  series    = {Lecture Notes in Computer Science},
  volume    = {1738},
  year      = {1999},
  isbn      = {3-540-66836-5},
  bibsource = {DBLP, http://dblp.uni-trier.de}
}

